@article{ab58,
  author={Blumlein, Alan Dower},
  year={1958},
  title={British Patent Specification 394,325},
  journal={JAES, vol. 6, no. 2, p.91}
}

@book{cr1996cmt,
  title	= {The computer music tutorial},
  author = {Curtis Roads},
  year = {1996},
  publisher	= {The MIT press}
}

@misc{faust,
  title = {Faust Documentation},
  howpublished = "\url{https://faustdoc.grame.fr}"
}

@book{tizterz,
  title	= {Un'idea di destino},
  author = {Tiziano Terzani},
  year = {2014},
  publisher	= {Longanesi}
}
